@online{BSISocialEngineering,
  title        = {Social Engineering â€“ der Mensch als Schwachstelle},
  url          = {https://www.bsi.bund.de/dok/11287460},
  urldate      = {2025-05-21},
}

@online{BSIPhishing,
  title        = {Spam, Phishing \& Co},
  url          = {https://www.bsi.bund.de/dok/507910},
  urldate      = {2025-05-21},
}

@online{CS_10Arten,
  title        = {10 Arten von Social-Engineering-Angriffen},
  author       = {Alejandro Villavicencio},
  year         = {2022},
  url          = {https://www.crowdstrike.com/de-de/cybersecurity-101/social-engineering/types-of-social-engineering-attacks/},
  urldate      = {2025-05-21},
}

@online{JB_YouTube,
  title        = {Jim Browning - YouTube},
  url          = {https://www.youtube.com/@JimBrowning},
  urldate      = {2025-05-21},
}

@online{Kroll_Numbers,
  title        = {Q3 2023 Threat Landscape Report: Social Engineering Takes Center Stage},
  url          = {https://media-cdn.kroll.com/jssmedia/kroll/pdfs/publications/q3-2023-threat-landscape-social-engineering.pdf},
  urldate      = {2025-05-22},
}

@online{HoxHunt_Report,
  title        = {Phishing Trends Report (Updated for 2025)},
  url          = {https://hoxhunt.com/guide/phishing-trends-report#part-i-phishing-trends-amp-statistics},
  urldate      = {2025-05-22},
}

@online{IBM_Report,
  title        = {Cost of a Data Breach | Report 2024},
  url          = {https://www.ibm.com/reports/data-breach},
  urldate      = {2025-05-23},
}

@online{IBM_Phishing,
  title        = {Was ist Phishing?},
  url          = {https://www.ibm.com/de-de/think/topics/phishing},
  urldate      = {2025-05-23},
}

@online{Target_Breach,
  title        = {The Target Breach: A Historic Cyberattack with Lasting Consequences},
  url          = {https://www.frameworksec.com/post/the-target-breach-a-historic-cyberattack-with-lasting-consequences},
  urldate      = {2025-05-23},
}

@online{IDStrong_DNC,
  title        = {How The DNC Hack Changed the 2016 Presidential Election Results},
  url          = {https://www.idstrong.com/sentinel/the-dnc-hack},
  urldate      = {2025-05-25},
}

@online{NYT_DNC,
  title        = {Intercepted Russian Communications Part of Inquiry Into Trump Associates},
  url          = {https://www.nytimes.com/2017/01/19/us/politics/trump-russia-associates-investigation.html},
  urldate      = {2025-05-25},
}

@online{Keeper_Scareware,
  title        = {What Is Scareware?},
  url          = {https://www.keepersecurity.com/blog/2023/07/28/what-is-scareware/},
  urldate      = {2025-05-25},
}